@inproceedings{rochet2021tcpls,
  title={TCPLS: Modern transport services with TCP and TLS},
  author={Rochet, Florentin and Assogba, Emery and Piraux, Maxime and Edeline, Korian and Donnet, Benoit and Bonaventure, Olivier},
  booktitle={Proceedings of the 17th International Conference on emerging Networking EXperiments and Technologies},
  pages={45--59},
  year={2021}
}


@misc{rochet2024improvingencryptedtransportprotocol,
      title={Improving Encrypted Transport Protocol Designs: Deep Dive on the QUIC Case},
      author={Florentin Rochet},
      year={2024},
      eprint={2409.07138},
      archivePrefix={arXiv},
      primaryClass={cs.CR},
      url={https://arxiv.org/abs/2409.07138},
}
